% Use this file for citations not found in the ACL Anthology (contained in "anthology.bib").

@article{zhu2024languagemodelsknowvalue,
 author = {Fangwei Zhu and Damai Dai and Zhifang Sui},
 journal={arXiv preprint arXiv:2401.03735},
 title = {Language Models Know the Value of Numbers},
 year = {2024}
}

@inproceedings{gould2023successorheadsrecurringinterpretable,
title={Successor Heads: Recurring, Interpretable Attention Heads In The Wild},
author={Rhys Gould and Euan Ong and George Ogden and Arthur Conmy},
booktitle={The Twelfth International Conference on Learning Representations},
year={2024},
url={https://openreview.net/forum?id=kvcbV8KQsi}
}

@article{engels2024languagemodelfeatureslinear,
  title={Not All Language Model Features Are Linear},
  author={Engels, Joshua and Liao, Isaac and Michaud, Eric J and Gurnee, Wes and Tegmark, Max},
  journal={arXiv preprint arXiv:2405.14860},
  year={2024}
}

@inproceedings{geva2023dissectingrecallfactualassociations,
 address = {Singapore},
 author = {Geva, Mor  and
Bastings, Jasmijn  and
Filippova, Katja  and
Globerson, Amir},
 booktitle = {Proceedings of the 2023 Conference on Empirical Methods in Natural Language Processing},
 doi = {10.18653/v1/2023.emnlp-main.751},
 editor = {Bouamor, Houda  and
Pino, Juan  and
Bali, Kalika},
 pages = {12216--12235},
 publisher = {Association for Computational Linguistics},
 title = {Dissecting Recall of Factual Associations in Auto-Regressive Language Models},
 url = {https://aclanthology.org/2023.emnlp-main.751},
 year = {2023}
}

@inproceedings{stolfo2023mechanisticinterpretationarithmeticreasoning,
 address = {Singapore},
 author = {Stolfo, Alessandro  and
Belinkov, Yonatan  and
Sachan, Mrinmaya},
 booktitle = {Proceedings of the 2023 Conference on Empirical Methods in Natural Language Processing},
 doi = {10.18653/v1/2023.emnlp-main.435},
 editor = {Bouamor, Houda  and
Pino, Juan  and
Bali, Kalika},
 pages = {7035--7052},
 publisher = {Association for Computational Linguistics},
 title = {A Mechanistic Interpretation of Arithmetic Reasoning in Language Models using Causal Mediation Analysis},
 url = {https://aclanthology.org/2023.emnlp-main.435},
 year = {2023}
}


@inproceedings{quirke2024understandingadditiontransformers,
title={Understanding Addition in Transformers},
author={Philip Quirke and Fazl Barez},
booktitle={The Twelfth International Conference on Learning Representations},
year={2024},
url={https://openreview.net/forum?id=rIx1YXVWZb}
}

@article{mcleish2024transformersarithmeticrightembeddings,
  title={Transformers Can Do Arithmetic with the Right Embeddings},
  author={McLeish, Sean and Bansal, Arpit and Stein, Alex and Jain, Neel and Kirchenbauer, John and Bartoldson, Brian R and Kailkhura, Bhavya and Bhatele, Abhinav and Geiping, Jonas and Schwarzschild, Avi and others},
  journal={arXiv preprint arXiv:2405.17399},
  year={2024}
}

@article{singh2024tokenizationcountsimpacttokenization,
  title={Tokenization counts: the impact of tokenization on arithmetic in frontier llms},
  author={Singh, Aaditya K and Strouse, DJ},
  journal={arXiv preprint arXiv:2402.14903},
  year={2024}
}

@inproceedings{zhang2024interpretingimprovinglargelanguage,
title={Interpreting and Improving Large Language Models in Arithmetic Calculation},
author={Wei Zhang and Chaoqun Wan and Yonggang Zhang and Yiu-ming Cheung and Xinmei Tian and Xu Shen and Jieping Ye},
booktitle={Forty-first International Conference on Machine Learning},
year={2024},
url={https://openreview.net/forum?id=CfOtiepP8s}
}

@inproceedings{wennberg2024exploringinternalnumeracylanguage,
 address = {Torino, Italia},
 author = {Wennberg, Ulme  and
Henter, Gustav Eje},
 booktitle = {Proceedings of the 2nd Workshop on Mathematical Natural Language Processing @ LREC-COLING 2024},
 editor = {Valentino, Marco  and
Ferreira, Deborah  and
Thayaparan, Mokanarangan  and
Freitas, Andre},
 pages = {35--40},
 publisher = {ELRA and ICCL},
 title = {Exploring Internal Numeracy in Language Models: A Case Study on {ALBERT}},
 url = {https://aclanthology.org/2024.mathnlp-1.5},
 year = {2024}
}

@inproceedings{wallace2019nlpmodelsknownumbers,
 address = {Hong Kong, China},
 author = {Wallace, Eric  and
Wang, Yizhong  and
Li, Sujian  and
Singh, Sameer  and
Gardner, Matt},
 booktitle = {Proceedings of the 2019 Conference on Empirical Methods in Natural Language Processing and the 9th International Joint Conference on Natural Language Processing (EMNLP-IJCNLP)},
 doi = {10.18653/v1/D19-1534},
 editor = {Inui, Kentaro  and
Jiang, Jing  and
Ng, Vincent  and
Wan, Xiaojun},
 pages = {5307--5315},
 publisher = {Association for Computational Linguistics},
 title = {Do {NLP} Models Know Numbers? Probing Numeracy in Embeddings},
 url = {https://aclanthology.org/D19-1534},
 year = {2019}
}

@article{chen2024stateshiddenhiddenstates,
  title={States Hidden in Hidden States: LLMs Emerge Discrete State Representations Implicitly},
  author={Chen, Junhao and Hu, Shengding and Liu, Zhiyuan and Sun, Maosong},
  journal={arXiv preprint arXiv:2407.11421},
  year={2024}
}


@article{bubeck2023sparksartificialgeneralintelligence,
  title={Sparks of artificial general intelligence: Early experiments with gpt-4},
  author = {Sébastien Bubeck and Varun Chandrasekaran and Ronen Eldan and Johannes Gehrke and Eric Horvitz and Ece Kamar and Peter Lee and Yin Tat Lee and Yuanzhi Li and Scott Lundberg and Harsha Nori and Hamid Palangi and Marco Tulio Ribeiro and Yi Zhang},
  journal={arXiv preprint arXiv:2303.12712},
  year={2023}
}

@article{dubey2024llama3herdmodels,
 author = {Abhimanyu Dubey and Abhinav Jauhri and Abhinav Pandey and Abhishek Kadian and Ahmad Al-Dahle and Aiesha Letman and Akhil Mathur and Alan Schelten and Amy Yang and Angela Fan and Anirudh Goyal and Anthony Hartshorn and Aobo Yang and Archi Mitra and Archie Sravankumar and Artem Korenev and Arthur Hinsvark and Arun Rao and Aston Zhang and Aurelien Rodriguez and Austen Gregerson and Ava Spataru and Baptiste Roziere and Bethany Biron and Binh Tang and Bobbie Chern and Charlotte Caucheteux and Chaya Nayak and Chloe Bi and Chris Marra and Chris McConnell and Christian Keller and Christophe Touret and Chunyang Wu and Corinne Wong and Cristian Canton Ferrer and Cyrus Nikolaidis and Damien Allonsius and Daniel Song and Danielle Pintz and Danny Livshits and David Esiobu and Dhruv Choudhary and Dhruv Mahajan and Diego Garcia-Olano and Diego Perino and Dieuwke Hupkes and Egor Lakomkin and Ehab AlBadawy and Elina Lobanova and Emily Dinan and Eric Michael Smith and Filip Radenovic and Frank Zhang and Gabriel Synnaeve and Gabrielle Lee and Georgia Lewis Anderson and Graeme Nail and Gregoire Mialon and Guan Pang and Guillem Cucurell and Hailey Nguyen and Hannah Korevaar and Hu Xu and Hugo Touvron and Iliyan Zarov and Imanol Arrieta Ibarra and Isabel Kloumann and Ishan Misra and Ivan Evtimov and Jade Copet and Jaewon Lee and Jan Geffert and Jana Vranes and Jason Park and Jay Mahadeokar and Jeet Shah and Jelmer van der Linde and Jennifer Billock and Jenny Hong and Jenya Lee and Jeremy Fu and Jianfeng Chi and Jianyu Huang and Jiawen Liu and Jie Wang and Jiecao Yu and Joanna Bitton and Joe Spisak and Jongsoo Park and Joseph Rocca and Joshua Johnstun and Joshua Saxe and Junteng Jia and Kalyan Vasuden Alwala and Kartikeya Upasani and Kate Plawiak and Ke Li and Kenneth Heafield and Kevin Stone and Khalid El-Arini and Krithika Iyer and Kshitiz Malik and Kuenley Chiu and Kunal Bhalla and Lauren Rantala-Yeary and Laurens van der Maaten and Lawrence Chen and Liang Tan and Liz Jenkins and Louis Martin and Lovish Madaan and Lubo Malo and Lukas Blecher and Lukas Landzaat and Luke de Oliveira and Madeline Muzzi and Mahesh Pasupuleti and Mannat Singh and Manohar Paluri and Marcin Kardas and Mathew Oldham and Mathieu Rita and Maya Pavlova and Melanie Kambadur and Mike Lewis and Min Si and Mitesh Kumar Singh and Mona Hassan and Naman Goyal and Narjes Torabi and Nikolay Bashlykov and Nikolay Bogoychev and Niladri Chatterji and Olivier Duchenne and Onur Çelebi and Patrick Alrassy and Pengchuan Zhang and Pengwei Li and Petar Vasic and Peter Weng and Prajjwal Bhargava and Pratik Dubal and Praveen Krishnan and Punit Singh Koura and Puxin Xu and Qing He and Qingxiao Dong and Ragavan Srinivasan and Raj Ganapathy and Ramon Calderer and Ricardo Silveira Cabral and Robert Stojnic and Roberta Raileanu and Rohit Girdhar and Rohit Patel and Romain Sauvestre and Ronnie Polidoro and Roshan Sumbaly and Ross Taylor and Ruan Silva and Rui Hou and Rui Wang and Saghar Hosseini and Sahana Chennabasappa and Sanjay Singh and Sean Bell and Seohyun Sonia Kim and Sergey Edunov and Shaoliang Nie and Sharan Narang and Sharath Raparthy and Sheng Shen and Shengye Wan and Shruti Bhosale and Shun Zhang and Simon Vandenhende and Soumya Batra and Spencer Whitman and Sten Sootla and Stephane Collot and Suchin Gururangan and Sydney Borodinsky and Tamar Herman and Tara Fowler and Tarek Sheasha and Thomas Georgiou and Thomas Scialom and Tobias Speckbacher and Todor Mihaylov and Tong Xiao and Ujjwal Karn and Vedanuj Goswami and Vibhor Gupta and Vignesh Ramanathan and Viktor Kerkez and Vincent Gonguet and Virginie Do and Vish Vogeti and Vladan Petrovic and Weiwei Chu and Wenhan Xiong and Wenyin Fu and Whitney Meers and Xavier Martinet and Xiaodong Wang and Xiaoqing Ellen Tan and Xinfeng Xie and Xuchao Jia and Xuewei Wang and Yaelle Goldschlag and Yashesh Gaur and Yasmine Babaei and Yi Wen and Yiwen Song and Yuchen Zhang and Yue Li and Yuning Mao and Zacharie Delpierre Coudert and Zheng Yan and Zhengxing Chen and Zoe Papakipos and Aaditya Singh and Aaron Grattafiori and Abha Jain and Adam Kelsey and Adam Shajnfeld and Adithya Gangidi and Adolfo Victoria and Ahuva Goldstand and Ajay Menon and Ajay Sharma and Alex Boesenberg and Alex Vaughan and Alexei Baevski and Allie Feinstein and Amanda Kallet and Amit Sangani and Anam Yunus and Andrei Lupu and Andres Alvarado and Andrew Caples and Andrew Gu and Andrew Ho and Andrew Poulton and Andrew Ryan and Ankit Ramchandani and Annie Franco and Aparajita Saraf and Arkabandhu Chowdhury and Ashley Gabriel and Ashwin Bharambe and Assaf Eisenman and Azadeh Yazdan and Beau James and Ben Maurer and Benjamin Leonhardi and Bernie Huang and Beth Loyd and Beto De Paola and Bhargavi Paranjape and Bing Liu and Bo Wu and Boyu Ni and Braden Hancock and Bram Wasti and Brandon Spence and Brani Stojkovic and Brian Gamido and Britt Montalvo and Carl Parker and Carly Burton and Catalina Mejia and Changhan Wang and Changkyu Kim and Chao Zhou and Chester Hu and Ching-Hsiang Chu and Chris Cai and Chris Tindal and Christoph Feichtenhofer and Damon Civin and Dana Beaty and Daniel Kreymer and Daniel Li and Danny Wyatt and David Adkins and David Xu and Davide Testuggine and Delia David and Devi Parikh and Diana Liskovich and Didem Foss and Dingkang Wang and Duc Le and Dustin Holland and Edward Dowling and Eissa Jamil and Elaine Montgomery and Eleonora Presani and Emily Hahn and Emily Wood and Erik Brinkman and Esteban Arcaute and Evan Dunbar and Evan Smothers and Fei Sun and Felix Kreuk and Feng Tian and Firat Ozgenel and Francesco Caggioni and Francisco Guzmán and Frank Kanayet and Frank Seide and Gabriela Medina Florez and Gabriella Schwarz and Gada Badeer and Georgia Swee and Gil Halpern and Govind Thattai and Grant Herman and Grigory Sizov and Guangyi and Zhang and Guna Lakshminarayanan and Hamid Shojanazeri and Han Zou and Hannah Wang and Hanwen Zha and Haroun Habeeb and Harrison Rudolph and Helen Suk and Henry Aspegren and Hunter Goldman and Ibrahim Damlaj and Igor Molybog and Igor Tufanov and Irina-Elena Veliche and Itai Gat and Jake Weissman and James Geboski and James Kohli and Japhet Asher and Jean-Baptiste Gaya and Jeff Marcus and Jeff Tang and Jennifer Chan and Jenny Zhen and Jeremy Reizenstein and Jeremy Teboul and Jessica Zhong and Jian Jin and Jingyi Yang and Joe Cummings and Jon Carvill and Jon Shepard and Jonathan McPhie and Jonathan Torres and Josh Ginsburg and Junjie Wang and Kai Wu and Kam Hou U and Karan Saxena and Karthik Prasad and Kartikay Khandelwal and Katayoun Zand and Kathy Matosich and Kaushik Veeraraghavan and Kelly Michelena and Keqian Li and Kun Huang and Kunal Chawla and Kushal Lakhotia and Kyle Huang and Lailin Chen and Lakshya Garg and Lavender A and Leandro Silva and Lee Bell and Lei Zhang and Liangpeng Guo and Licheng Yu and Liron Moshkovich and Luca Wehrstedt and Madian Khabsa and Manav Avalani and Manish Bhatt and Maria Tsimpoukelli and Martynas Mankus and Matan Hasson and Matthew Lennie and Matthias Reso and Maxim Groshev and Maxim Naumov and Maya Lathi and Meghan Keneally and Michael L. Seltzer and Michal Valko and Michelle Restrepo and Mihir Patel and Mik Vyatskov and Mikayel Samvelyan and Mike Clark and Mike Macey and Mike Wang and Miquel Jubert Hermoso and Mo Metanat and Mohammad Rastegari and Munish Bansal and Nandhini Santhanam and Natascha Parks and Natasha White and Navyata Bawa and Nayan Singhal and Nick Egebo and Nicolas Usunier and Nikolay Pavlovich Laptev and Ning Dong and Ning Zhang and Norman Cheng and Oleg Chernoguz and Olivia Hart and Omkar Salpekar and Ozlem Kalinli and Parkin Kent and Parth Parekh and Paul Saab and Pavan Balaji and Pedro Rittner and Philip Bontrager and Pierre Roux and Piotr Dollar and Polina Zvyagina and Prashant Ratanchandani and Pritish Yuvraj and Qian Liang and Rachad Alao and Rachel Rodriguez and Rafi Ayub and Raghotham Murthy and Raghu Nayani and Rahul Mitra and Raymond Li and Rebekkah Hogan and Robin Battey and Rocky Wang and Rohan Maheswari and Russ Howes and Ruty Rinott and Sai Jayesh Bondu and Samyak Datta and Sara Chugh and Sara Hunt and Sargun Dhillon and Sasha Sidorov and Satadru Pan and Saurabh Verma and Seiji Yamamoto and Sharadh Ramaswamy and Shaun Lindsay and Shaun Lindsay and Sheng Feng and Shenghao Lin and Shengxin Cindy Zha and Shiva Shankar and Shuqiang Zhang and Shuqiang Zhang and Sinong Wang and Sneha Agarwal and Soji Sajuyigbe and Soumith Chintala and Stephanie Max and Stephen Chen and Steve Kehoe and Steve Satterfield and Sudarshan Govindaprasad and Sumit Gupta and Sungmin Cho and Sunny Virk and Suraj Subramanian and Sy Choudhury and Sydney Goldman and Tal Remez and Tamar Glaser and Tamara Best and Thilo Kohler and Thomas Robinson and Tianhe Li and Tianjun Zhang and Tim Matthews and Timothy Chou and Tzook Shaked and Varun Vontimitta and Victoria Ajayi and Victoria Montanez and Vijai Mohan and Vinay Satish Kumar and Vishal Mangla and Vítor Albiero and Vlad Ionescu and Vlad Poenaru and Vlad Tiberiu Mihailescu and Vladimir Ivanov and Wei Li and Wenchen Wang and Wenwen Jiang and Wes Bouaziz and Will Constable and Xiaocheng Tang and Xiaofang Wang and Xiaojian Wu and Xiaolan Wang and Xide Xia and Xilun Wu and Xinbo Gao and Yanjun Chen and Ye Hu and Ye Jia and Ye Qi and Yenda Li and Yilin Zhang and Ying Zhang and Yossi Adi and Youngjin Nam and Yu and Wang and Yuchen Hao and Yundi Qian and Yuzi He and Zach Rait and Zachary DeVito and Zef Rosnbrick and Zhaoduo Wen and Zhenyu Yang and Zhiwei Zhao},
 journal={arXiv preprint arXiv:2407.21783},
 title = {The Llama 3 Herd of Models},
 year = {2024}
}

@article{jiang2023mistral7b,
 author = {Albert Q. Jiang and Alexandre Sablayrolles and Arthur Mensch and Chris Bamford and Devendra Singh Chaplot and Diego de las Casas and Florian Bressand and Gianna Lengyel and Guillaume Lample and Lucile Saulnier and Lélio Renard Lavaud and Marie-Anne Lachaux and Pierre Stock and Teven Le Scao and Thibaut Lavril and Thomas Wang and Timothée Lacroix and William El Sayed},
 journal={arXiv preprint arXiv:2310.06825},
 title = {Mistral 7B},
 year = {2023}
}

@inproceedings{vaswani2023attentionneed,
 author = {Ashish Vaswani and
Noam Shazeer and
Niki Parmar and
Jakob Uszkoreit and
Llion Jones and
Aidan N. Gomez and
Lukasz Kaiser and
Illia Polosukhin},
 bibsource = {dblp computer science bibliography, https://dblp.org},
 biburl = {https://dblp.org/rec/conf/nips/VaswaniSPUJGKP17.bib},
 booktitle = {Advances in Neural Information Processing Systems 30: Annual Conference
on Neural Information Processing Systems 2017, December 4-9, 2017,
Long Beach, CA, {USA}},
 editor = {Isabelle Guyon and
Ulrike von Luxburg and
Samy Bengio and
Hanna M. Wallach and
Rob Fergus and
S. V. N. Vishwanathan and
Roman Garnett},
 pages = {5998--6008},
 timestamp = {Thu, 21 Jan 2021 00:00:00 +0100},
 title = {Attention is All you Need},
 url = {https://proceedings.neurips.cc/paper/2017/hash/3f5ee243547dee91fbd053c1c4a845aa-Abstract.html},
 year = {2017}
}

@inproceedings{nanda2023progressmeasuresgrokkingmechanistic,
 author = {Neel Nanda and
Lawrence Chan and
Tom Lieberum and
Jess Smith and
Jacob Steinhardt},
 bibsource = {dblp computer science bibliography, https://dblp.org},
 biburl = {https://dblp.org/rec/conf/iclr/NandaCLSS23.bib},
 booktitle = {The Eleventh International Conference on Learning Representations,
{ICLR} 2023, Kigali, Rwanda, May 1-5, 2023},
 publisher = {OpenReview.net},
 timestamp = {Fri, 30 Jun 2023 01:00:00 +0200},
 title = {Progress measures for grokking via mechanistic interpretability},
 url = {https://openreview.net/pdf?id=9XFSbDPmdW},
 year = {2023}
}

@inproceedings{razeghi-etal-2022-impact,
 address = {Abu Dhabi, United Arab Emirates},
 author = {Razeghi, Yasaman  and
Logan IV, Robert L  and
Gardner, Matt  and
Singh, Sameer},
 booktitle = {Findings of the Association for Computational Linguistics: EMNLP 2022},
 doi = {10.18653/v1/2022.findings-emnlp.59},
 editor = {Goldberg, Yoav  and
Kozareva, Zornitsa  and
Zhang, Yue},
 pages = {840--854},
 publisher = {Association for Computational Linguistics},
 title = {Impact of Pretraining Term Frequencies on Few-Shot Numerical Reasoning},
 url = {https://aclanthology.org/2022.findings-emnlp.59},
 year = {2022}
}

@article{trinh2024solving,
 author = {Trinh, Trieu H and Wu, Yuhuai and Le, Quoc V and He, He and Luong, Thang},
 journal = {Nature},
 number = {7995},
 pages = {476--482},
 publisher = {Nature Publishing Group UK London},
 title = {Solving olympiad geometry without human demonstrations},
 volume = {625},
 year = {2024}
}

@article{bommasani2021opportunities,
 author = {Rishi Bommasani and Drew A. Hudson and Ehsan Adeli and Russ Altman and Simran Arora and Sydney von Arx and Michael S. Bernstein and Jeannette Bohg and Antoine Bosselut and Emma Brunskill and Erik Brynjolfsson and S. Buch and Dallas Card and Rodrigo Castellon and Niladri S. Chatterji and Annie S. Chen and Kathleen A. Creel and Jared Davis and Dora Demszky and Chris Donahue and Moussa Doumbouya and Esin Durmus and Stefano Ermon and John Etchemendy and Kawin Ethayarajh and Li Fei-Fei and Chelsea Finn and Trevor Gale and Lauren E. Gillespie and Karan Goel and Noah D. Goodman and Shelby Grossman and Neel Guha and Tatsunori Hashimoto and Peter Henderson and John Hewitt and Daniel E. Ho and Jenny Hong and Kyle Hsu and Jing Huang and Thomas F. Icard and Saahil Jain and Dan Jurafsky and Pratyusha Kalluri and Siddharth Karamcheti and Geoff Keeling and Fereshte Khani and O. Khattab and Pang Wei Koh and Mark S. Krass and Ranjay Krishna and Rohith Kuditipudi and Ananya Kumar and Faisal Ladhak and Mina Lee and Tony Lee and Jure Leskovec and Isabelle Levent and Xiang Lisa Li and Xuechen Li and Tengyu Ma and Ali Malik and Christopher D. Manning and Suvir P. Mirchandani and Eric Mitchell and Zanele Munyikwa and Suraj Nair and Avanika Narayan and Deepak Narayanan and Benjamin Newman and Allen Nie and Juan Carlos Niebles and Hamed Nilforoshan and J. F. Nyarko and Giray Ogut and Laurel Orr and Isabel Papadimitriou and Joon Sung Park and Chris Piech and Eva Portelance and Christopher Potts and Aditi Raghunathan and Robert Reich and Hongyu Ren and Frieda Rong and Yusuf H. Roohani and Camilo Ruiz and Jack Ryan and Christopher R'e and Dorsa Sadigh and Shiori Sagawa and Keshav Santhanam and Andy Shih and Krishna Parasuram Srinivasan and Alex Tamkin and Rohan Taori and Armin W. Thomas and Florian Tram{\`e}r and Rose E. Wang and William Wang and Bohan Wu and Jiajun Wu and Yuhuai Wu and Sang Michael Xie and Michihiro Yasunaga and Jiaxuan You and Matei A. Zaharia and Michael Zhang and Tianyi Zhang and Xikun Zhang and Yuhui Zhang and Lucia Zheng and Kaitlyn Zhou and Percy Liang},
 journal = {ArXiv preprint},
 title = {On the opportunities and risks of foundation models},
 url = {https://arxiv.org/abs/2108.07258},
 volume = {abs/2108.07258},
 year = {2021}
}

@inproceedings{
mcleish2024transformers,
title={Transformers Can Do Arithmetic with the Right Embeddings},
author={Sean Michael McLeish and Arpit Bansal and Alex Stein and Neel Jain and John Kirchenbauer and Brian R. Bartoldson and Bhavya Kailkhura and Abhinav Bhatele and Jonas Geiping and Avi Schwarzschild and Tom Goldstein},
booktitle={ICML 2024 Workshop on LLMs and Cognition},
year={2024},
url={https://openreview.net/forum?id=KD9pZCuOVz}
}

@inproceedings{
park2023the,
title={The Linear Representation Hypothesis and the Geometry of Large Language Models},
author={Kiho Park and Yo Joong Choe and Victor Veitch},
booktitle={Causal Representation Learning Workshop at NeurIPS 2023},
year={2023},
url={https://openreview.net/forum?id=T0PoOJg8cK}
}

@article{belinkov-2022-probing,
    title = "Probing Classifiers: Promises, Shortcomings, and Advances",
    author = "Belinkov, Yonatan",
    journal = "Computational Linguistics",
    volume = "48",
    number = "1",
    month = mar,
    year = "2022",
    address = "Cambridge, MA",
    publisher = "MIT Press",
    url = "https://aclanthology.org/2022.cl-1.7",
    doi = "10.1162/coli_a_00422",
    pages = "207--219"
}

@inproceedings{
gurnee2024language,
title={Language Models Represent Space and Time},
author={Wes Gurnee and Max Tegmark},
booktitle={The Twelfth International Conference on Learning Representations},
year={2024},
url={https://openreview.net/forum?id=jE8xbmvFin}
}

@inproceedings{heinzerling-inui-2024-monotonic,
    title = "Monotonic Representation of Numeric Attributes in Language Models",
    author = "Heinzerling, Benjamin  and
      Inui, Kentaro",
    editor = "Ku, Lun-Wei  and
      Martins, Andre  and
      Srikumar, Vivek",
    booktitle = "Proceedings of the 62nd Annual Meeting of the Association for Computational Linguistics (Volume 2: Short Papers)",
    month = aug,
    year = "2024",
    address = "Bangkok, Thailand",
    publisher = "Association for Computational Linguistics",
    url = "https://aclanthology.org/2024.acl-short.18",
    doi = "10.18653/v1/2024.acl-short.18",
    pages = "175--195"
}

@article{Maltoni_2024,
   title={Arithmetic with language models: From memorization to computation},
   volume={179},
   ISSN={0893-6080},
   url={http://dx.doi.org/10.1016/j.neunet.2024.106550},
   DOI={10.1016/j.neunet.2024.106550},
   journal={Neural Networks},
   publisher={Elsevier BV},
   author={Maltoni, Davide and Ferrara, Matteo},
   year={2024},
   month=nov, pages={106550} }


@article{nogueira2021investigatinglimitationstransformerssimple,
  title={Investigating the limitations of transformers with simple arithmetic tasks},
  author={Nogueira, Rodrigo and Jiang, Zhiying and Lin, Jimmy},
  journal={arXiv preprint arXiv:2102.13019},
  year={2021}
}

@article{yehudai2024can,
  title={When Can Transformers Count to n?},
  author={Yehudai, Gilad and Kaplan, Haim and Ghandeharioun, Asma and Geva, Mor and Globerson, Amir},
  journal={arXiv preprint arXiv:2407.15160},
  year={2024}
}